@book{SCION-Book,
  Author = {Perrig, Adrian and Szalachowski, Pawel and Reischuk, Raphael M. and Chuat, Laurent},
  Publisher = {Springer},
  Title = {{SCION}: A Secure {Internet} Architecture},
  Year = {2017},
}
