
@Book{Perrig2017,
  title     = {{SCION}: A Secure {Internet} Architecture},
  publisher = {Springer},
  year      = {2017},
  author    = {Adrian Perrig and Pawel Szalachowski and Raphael M. Reischuk and Laurent Chuat},
  doi       = {10.1007/978-3-319-67080-5},
}
